@inbook{knut,
	author="Кнут Д. Э.",
	title="Искусство программирования, том 3. Сортировка и поиск, 2-е изд.",
	publisher="Пер. с англ. М.: ООО 'И. Д. Вильямс'",
	volume=832,
	language="russian",
	year=2007
}

@misc{gnome,
	title="Гномья сортировка: [Электронный ресурс].",
	howpublished="Режим доступа: \url{https://kvodo.ru/gnome-sorting.html} (дата обращения: 30.10.2023)."
}

@misc{shell,
	title="Сортировка Шелла: [Электронный ресурс].",
	howpublished="Режим доступа: \url{https://kvodo.ru/sortirovka-shella.html} (дата обращения: 31.10.2023)."
}

@misc{heap,
	title="Heap Sort – Data Structures and Algorithms Tutorials: [Электронный ресурс].",
	howpublished="Режим доступа: \url{https://www.geeksforgeeks.org/heap-sort/} (дата обращения: 30.10.2023)."
}

@misc{python,
	title="The official home of the Python Programming Language [Электронный ресурс].",
	howpublished="Режим доступа: \url{https://www.python.org/} (дата обращения: 19.09.2023)."
}

@misc{python-time,
	title="time — Time access and conversions [Электронный ресурс].",
	howpublished="Режим доступа: \url{https://docs.python.org/3/library/time.html} (дата обращения: 19.09.2023)."
}

@misc{amd,
	title="Amd [Электронный ресурс].",
	howpublished="Режим доступа: \url{https://www.amd.com/en.html} (дата обращения: 28.09.2023)"
}

@misc{windows,
	title="Windows 10 Pro 22h2 64-bit  [Электронный ресурс]",
	howpublished="Режим доступа: \url{https://www.microsoft.com/ru-ru/software-download/windows10} (дата обращения: 28.09.2023)."
}





