@article{intro,
	author = {Урвачева, В.А.},
	title = {Обзор методов информационного поиска },
	journal = {Вестник Таганрогского института имени А. П. Чехова},
	year = {2016},
	number = {1},
}

@book{aa,
	title     = "Анализ алгоритмов. Активный обучающий подход",
	author    = "Макконнелл, Джефри",
	year      = 2009,
	publisher = "Техносфера"
}

@misc{python,
	title="The official home of the Python Programming Language [Электронный ресурс].",
	howpublished="Режим доступа: \url{https://www.python.org/} (дата обращения: 23.12.2023)."
}

@misc{python-time,
	title="time — Time access and conversions [Электронный ресурс].",
	howpublished="Режим доступа: \url{https://docs.python.org/3/library/time.html} (дата обращения: 23.12.2023)."
}

@misc{amd,
	title="Amd [Электронный ресурс].",
	howpublished="Режим доступа: \url{https://www.amd.com/en.html} (дата обращения: 23.12.2023)"
}

@misc{windows,
	title="Windows 10 Pro 22h2 64-bit  [Электронный ресурс]",
	howpublished="Режим доступа: \url{https://www.microsoft.com/ru-ru/software-download/windows10} (дата обращения: 23.12.2023)."
}