@article{intro,
	author = {Гладышев Е.И., Мурыгин А.В.},
	title = {Многопоточность в приложениях},
	journal = {Актуальные проблемы авиации и космонавтики.},
	year = {2012},
	number = {8},
}

@misc{multithreading,
	author="Justin Stoltzfus",
	title="Multithreading",
	publisher="--- Techopedia Janalta Interactive Inc. [Электронный ресурс]",
	language="english",
	howpublished="--- Режим доступа: \url{https://www.techopedia.com/definition/24297/multithreading-computer-architecture} (дата обращения: 07.12.2023)"
}

@inbook{process,
	author="У. Ричард Стивенс, Стивен А. Раго",
	title="UNIX. Профессиональное программирование. 3-е издание",
	publisher="--- СПб.: Питер",
	language="russian",
	pages="994",
	year=2018,
}

@inbook{miem,
	author="Большакова Е.И., Клышинский Э.С.",
	title="Автоматическая обработка текстов на естественном языке и компьютерная лингвистика",
	publisher="М.: МИЭМ",
	language="russian",
	pages="122-124",
	year=2011,
}

@misc{python,
	title="The official home of the Python Programming Language [Электронный ресурс].",
	howpublished="Режим доступа: \url{https://www.python.org/} (дата обращения: 19.09.2023)."
}

@misc{python-time,
	title="time — Time access and conversions [Электронный ресурс].",
	howpublished="Режим доступа: \url{https://docs.python.org/3/library/time.html} (дата обращения: 19.09.2023)."
}

@misc{amd,
	title="Amd [Электронный ресурс].",
	howpublished="Режим доступа: \url{https://www.amd.com/en.html} (дата обращения: 28.09.2023)"
}

@misc{windows,
	title="Windows 10 Pro 22h2 64-bit  [Электронный ресурс]",
	howpublished="Режим доступа: \url{https://www.microsoft.com/ru-ru/software-download/windows10} (дата обращения: 28.09.2023)."
}