@inbook{levenshtein,
	author="Левенштейн В. И.",
	title="Двоичные коды с исправлением выпадений, вставок и замещений символов",
	publisher="--- М.: Издательство «Наука», Доклады АН СССР",
	volume=163,
	chapter=4,
	page="845--848",
	language="russian",
	year=1965
}

 

@misc{matrix,
	title="Конспект лекций, читаемых в курсе «Высшая математика» Южного федерального университета",
	howpublished="Режим доступа: \url{http://mmtb.uginfo.sfedu.ru/algebra/Print/print_I-1.pdf} (дата обращения: 12.10.2023)."
}

@misc{python,
	title="The official home of the Python Programming Language [Электронный ресурс].",
	howpublished="Режим доступа: \url{https://www.python.org/} (дата обращения: 19.09.2023)."
}

@misc{python-time,
	title="time — Time access and conversions [Электронный ресурс].",
	howpublished="Режим доступа: \url{https://docs.python.org/3/library/time.html} (дата обращения: 19.09.2023)."
}

@misc{amd,
	title="Amd [Электронный ресурс].",
	howpublished="Режим доступа: \url{https://www.amd.com/en.html} (дата обращения: 28.09.2023)"
}

@misc{windows,
	title="Windows 10 Pro 22h2 64-bit  [Электронный ресурс]",
	howpublished="Режим доступа: \url{https://www.microsoft.com/ru-ru/software-download/windows10} (дата обращения: 28.09.2023)."
}





