@article{intro,
	author = {Володина Е.В., Студентова Е.А.},
	title = {Практическое применение алгоритма решения задачи коммивояжера},
	journal = {ИВД},
	year = {2015},
	number = {2},
}

@article{ants,
	author = {Colorni, Alberto and Dorigo, Marco and Maniezzo, Vittorio},
	year = {1991},
	title = {Distributed Optimization by Ant Colonies},
	journal = {Proceedings of the First European Conference on Artificial Life}
}